<record><leader>00000cas a2200000 a 4500</leader><controlfield tag="001">51196839</controlfield><controlfield tag="008">021210c20029999iludn ne      0    0eng c</controlfield><datafield ind1=" " ind2=" " tag="010"><subfield code="a">sn2002060789</subfield></datafield><datafield ind1=" " ind2=" " tag="040"><subfield code="a">CVF</subfield><subfield code="b">eng</subfield><subfield code="c">CVF</subfield><subfield code="d">NVF</subfield><subfield code="d">OCLCQ</subfield><subfield code="d">OCLCF</subfield><subfield code="d">DLC</subfield></datafield><datafield ind1=" " ind2=" " tag="042"><subfield code="a">pcc</subfield></datafield><datafield ind1=" " ind2=" " tag="043"><subfield code="a">n-us-il</subfield></datafield><datafield ind1="0" ind2="0" tag="050"><subfield code="a">Newspaper</subfield></datafield><datafield ind1="0" ind2=" " tag="130"><subfield code="a">Redeye (Chicago, Ill.)</subfield></datafield><datafield ind1="1" ind2="0" tag="245"><subfield code="a">RedEye.</subfield></datafield><datafield ind1="3" ind2=" " tag="246"><subfield code="a">Red eye</subfield></datafield><datafield ind1=" " ind2=" " tag="260"><subfield code="a">Chicago, Ill. :</subfield><subfield code="b">Chicago Tribune Co.,</subfield><subfield code="c">2002-</subfield></datafield><datafield ind1=" " ind2=" " tag="300"><subfield code="a">v.</subfield></datafield><datafield ind1=" " ind2=" " tag="310"><subfield code="a">Daily (except Saturdays, Sundays and certain holidays)</subfield></datafield><datafield ind1="0" ind2=" " tag="362"><subfield code="a">Oct. 29, 2002-</subfield></datafield><datafield ind1=" " ind2=" " tag="580"><subfield code="a">An edition of the Chicago Tribune published "to inform, to entertain, and to build a daily newspaper habit, particularly among younger readers."</subfield></datafield><datafield ind1=" " ind2=" " tag="588"><subfield code="a">Latest issue consulted: Dec. 10, 2002.</subfield></datafield><datafield ind1=" " ind2="0" tag="651"><subfield code="a">Chicago (Ill.)</subfield><subfield code="v">Newspapers.</subfield></datafield><datafield ind1=" " ind2="7" tag="651"><subfield code="a">Illinois</subfield><subfield code="z">Chicago.</subfield><subfield code="2">fast</subfield><subfield code="0">(OCoLC)fst01204048</subfield></datafield><datafield ind1=" " ind2="7" tag="655"><subfield code="a">Newspapers.</subfield><subfield code="2">fast</subfield><subfield code="0">(OCoLC)fst01423814</subfield></datafield><datafield ind1=" " ind2=" " tag="752"><subfield code="a">United States</subfield><subfield code="b">Illinois</subfield><subfield code="c">Cook</subfield><subfield code="d">Chicago.</subfield></datafield><datafield ind1="1" ind2=" " tag="775"><subfield code="t">Chicago tribune (Chicago, Ill. : 1963)</subfield><subfield code="w">(DLC)sn 83045111</subfield><subfield code="w">(OCoLC)7960243</subfield></datafield><datafield ind1="1" ind2=" " tag="029"><subfield code="a">AU@</subfield><subfield code="b">000024312514</subfield></datafield></record>